@BOOK
{1,
  AUTHOR  = "Reas Casey, Fry Ben"
  TITLE   = "Getting Started with Processing",
  PUBLISHER = "Cambridge: O'Reilly Media",
  ISBN = "978-1-4493-7980-3",
  YEAR = 2010
}

@BOOK
{2,
  AUTHOR  = "Reas Casey, Fry Ben",
  TITLE   = "Processing: A Programming Handbook for Visual Designers and Artists",
  PUBLISHER = "MIT Press",
  ISBN = "978-0262182621",
  YEAR =  2007
}


@BOOK
{3,
  AUTHOR  = "Shiffman Daniel",
  TITLE   = "Learning Processing: A Beginner's Guide to Programming Images, Animation, and Interaction",
  PUBLISHER = "Morgan Kaufmann",
  ISBN = "978-0123736024",
  YEAR =  2008
}


@BOOK
{4,
  AUTHOR  = "Greenberg Ira",
  TITLE   = "Processing: Creative Coding and Computational Art (Foundation)",
  PUBLISHER = "Friends of Ed.",
  ISBN = "978-1590596173",
  YEAR =  2007
}

@BOOK
{5,
  AUTHOR  = "Noble Joshua",
  TITLE   = "Programming Interactivity",
  PUBLISHER = "O'Reilly",
  ISBN = "978-1449311445",
  YEAR =  2012
}

@BOOK
{6,
  AUTHOR  = "Maeda John, Antonelli Paola",
  TITLE   = "Design By Numbers",
  PUBLISHER = "MIT Press",
  ISBN = "978-0262632447",
  YEAR =  1999
}

@BOOK
{7,
  AUTHOR  = "Boolos S. George, Jeffrey C. Richard",
  TITLE   = "Computability and Logic (3. vydání)",
  PUBLISHER = "Cambridge University Press",
  ISBN = "978-0521389235",
  YEAR =  1989
}

@ONLINE{8,
  AUTHOR = "McCabe Johnatan",
  PUBLISHER = "University of Canberra",
  TITLE = "Cyclic Symmetric Multi-Scale Patterns",
  YEAR = "2010",
  LASTCHECKED = {\today},
  URL = "http://www.jonathanmccabe.com/Cyclic_Symmetric_Multi-Scale_Turing_Patterns.pdf"
}

@BOOK{9,
  AUTHOR = "Fuchs Martin, Bichsel Beter, Ignac Marcin",
  TITLE = "Written Images",
  PUBLISHER = "Gray Area Foundation for the Arts",
  YEAR = 2011
}
